@inproceedings{rehureklrec,
     title = {{Software Framework for Topic Modelling with Large Corpora}},
     author = {Radim {\v R}eh{\r u}{\v r}ek and Petr Sojka},
     booktitle = {{Proceedings of the LREC 2010 Workshop on New Challenges for NLP Frameworks}},
     pages = {45--50},
     year = 2010,
     month = May,
     day = 22,
     publisher = {ELRA},
     address = {Valletta, Malta},								      language={English}
}

@book{hastie2009elements,
      title={The elements of statistical learning},
        author={Hastie, Trevor and Tibshirani, Robert and Friedman, Jerome and Hastie, T and Friedman, J and Tibshirani, R},
	  volume={2},
	    number={1},
	      year={2009},
	        publisher={Springer}
}

@inproceedings{lacerda2014context,
      title={Context-Aware Deal Size Prediction},
        author={Lacerda, Anisio and Veloso, Adriano and Santos, Rodrygo LT and Ziviani, Nivio},
	  booktitle={String Processing and Information Retrieval},
	    pages={256--267},
	      year={2014},
	        organization={Springer}
}

@inproceedings{BMZ12,
     author = {Byers, John W. and Mitzenmacher, Michael and Zervas, Georgios},
      title = {Daily deals: prediction, social diffusion, and reputational ramifications},
       booktitle = {Proceedings of the fifth ACM international conference on Web search and data mining},
        series = {WSDM '12},
	 year = {2012},
	  isbn = {978-1-4503-0747-5},
	   location = {Seattle, Washington, USA},
	    pages = {543--552},
	     numpages = {10},
	      url = {http://doi.acm.org/10.1145/2124295.2124361},
	       doi = {10.1145/2124295.2124361},
	        acmid = {2124361},
		 publisher = {ACM},
		  address = {New York, NY, USA},
		   keywords = {daily deals, reputation, social diffusion},
} 

